@incollection{Chen_2007,
title = {Large Sample Sieve Estimation of Semi-Nonparametric Models},
editor = {James J. Heckman and Edward E. Leamer},
series = {Handbook of Econometrics},
publisher = {Elsevier},
volume = {6},
pages = {5549-5632},
year = {2007},
issn = {1573-4412},
doi = {https://doi.org/10.1016/S1573-4412(07)06076-X},
url = {https://www.sciencedirect.com/science/article/pii/S157344120706076X},
author = {Xiaohong Chen}
}

@book{Grenander_1981,
  title={Abstract Inference},
  author={Grenander, U.},
  isbn={9780471082675},
  lccn={80022016},
  series={Probability and Statistics Series},
  url={https://books.google.de/books?id=ng2oAAAAIAAJ},
  year={1981},
  publisher={Wiley}
}

@book{Hansen_2022,
  title={Econometrics},
  author={Bruce Hansen},
  isbn={9780691235899},
  series={Economics \& Finance},
  url={https://press.princeton.edu/books/hardcover/9780691235899/econometrics},
  year={2022},
  publisher={Princeton University Press}
}


@book{Hansen_probability_2022,
  title={Probability and Statistics for Economists},
  author={Bruce Hansen},
  isbn={9780691235943},
  series={Economics \& Finance},
  url={https://press.princeton.edu/books/hardcover/9780691235943/probability-and-statistics-for-economists},
  year={2022},
  publisher={Princeton University Press}
}



@article{Ai_Chen_2003,
author = {Ai, Chunrong and Chen, Xiaohong},
title = {Efficient Estimation of Models with Conditional Moment Restrictions Containing Unknown Functions},
journal = {Econometrica},
volume = {71},
number = {6},
pages = {1795-1843},
doi = {https://doi.org/10.1111/1468-0262.00470},
url = {https://onlinelibrary.wiley.com/doi/abs/10.1111/1468-0262.00470},
eprint = {https://onlinelibrary.wiley.com/doi/pdf/10.1111/1468-0262.00470},
year = {2003}
}

@article{Ai_Chen_2007,
title = {Estimation of possibly misspecified semiparametric conditional moment restriction models with different conditioning variables},
journal = {Journal of Econometrics},
volume = {141},
number = {1},
pages = {5-43},
year = {2007},
note = {Semiparametric methods in econometrics},
issn = {0304-4076},
doi = {https://doi.org/10.1016/j.jeconom.2007.01.013},
url = {https://www.sciencedirect.com/science/article/pii/S0304407607000061},
author = {Chunrong Ai and Xiaohong Chen}
}

@incollection{White_Wooldridge_1991,
title = {Some results on sieve estimation with dependent observations},
editor = {Barnett, W.A. and Powell, J. and Tauchen, G.},
series = {Non-parametric and Semi-parametric Methods in Econometrics
and Statistics},
publisher = {Cambridge University Press},
pages = {459–493},
year = {1992},
author = {White, H. and Wooldridge, J.}
}

@article{Newey_1997,
title = {Convergence rates and asymptotic normality for series estimators},
journal = {Journal of Econometrics},
volume = {79},
number = {1},
pages = {147-168},
year = {1997},
issn = {0304-4076},
doi = {https://doi.org/10.1016/S0304-4076(97)00011-0},
author = {Whitney K. Newey}
}

@book{Horowitz_1998,
  title={Semiparametric Methods in Econometrics},
  author={Joel L. Horowitz},
  isbn={9780387984773},
  series={Lecture Notes in Statistics},
  doi={https://doi.org/10.1007/978-1-4612-0621-7},
  year={1998},
  publisher={Springer New York, NY}
}

@article{Freyberger_Masten_2019,
author = {Joachim Freyberger and Matthew A. Masten},
title = {A practical guide to compact infinite dimensional parameter spaces},
journal = {Econometric Reviews},
volume = {38},
number = {9},
pages = {979-1006},
year  = {2019},
publisher = {Taylor & Francis},
doi = {10.1080/07474938.2018.1514025}
}

@article{Wald_1949,
author = {Abraham Wald},
title = {{Note on the Consistency of the Maximum Likelihood Estimate}},
volume = {20},
journal = {The Annals of Mathematical Statistics},
number = {4},
publisher = {Institute of Mathematical Statistics},
pages = {595 -- 601},
year = {1949},
doi = {10.1214/aoms/1177729952}
}

@article{Bunea_2007,
author = {Florentina Bunea and Alexandre Tsybakov and Marten Wegkamp},
title = {{Sparsity oracle inequalities for the Lasso}},
volume = {1},
journal = {Electronic Journal of Statistics},
number = {none},
publisher = {Institute of Mathematical Statistics and Bernoulli Society},
pages = {169 -- 194},
year = {2007},
doi = {10.1214/07-EJS008}
}

@book{Koltchinskii_2011,
  title={Oracle Inequalities in Empirical Risk Minimization and Sparse Recovery Problems},
  author={Vladimir Koltchinskii},
  isbn={978-3-642-22146-0},
  series={Lecture Notes in Mathematics},
  doi={https://doi.org/10.1007/978-3-642-22147-7},
  year={2011},
  publisher={Springer Berlin, Heidelberg}
}

@article{Stone_1948,
 author = {M. H. Stone},
 journal = {Mathematics Magazine},
 number = {4},
 pages = {167--184},
 publisher = {Mathematical Association of America},
 title = {The Generalized Weierstrass Approximation Theorem},
 volume = {21},
 year = {1948}
}

@article{Belloni_Chernozhukov_Chetverikov_Kato_2015,
title = {Some new asymptotic theory for least squares series: Pointwise and uniform results},
journal = {Journal of Econometrics},
volume = {186},
number = {2},
pages = {345-366},
year = {2015},
note = {High Dimensional Problems in Econometrics},
issn = {0304-4076},
doi = {https://doi.org/10.1016/j.jeconom.2015.02.014},
author = {Alexandre Belloni and Victor Chernozhukov and Denis Chetverikov and Kengo Kato}
}

@article{Mason_1993,
title = {Orthogonal splines based on B-splines — with applications to least squares, smoothing and regularisation problems},
journal = {Numerical Algorithms},
volume = {5},
pages = {25-40},
year = {1993},
issn = {1572-9265},
doi = {https://doi.org/10.1007/BF02109281},
author = { Mason, J. C. and Rodriguez, G. and Seatzu, S.}
}

@article{Zou_2006,
author = {Hui Zou},
title = {The Adaptive Lasso and Its Oracle Properties},
journal = {Journal of the American Statistical Association},
volume = {101},
number = {476},
pages = {1418-1429},
year  = {2006},
publisher = {Taylor & Francis},
doi = {10.1198/016214506000000735},
URL = {https://doi.org/10.1198/016214506000000735},
eprint = {https://doi.org/10.1198/016214506000000735}
}

@misc{Zhang_Simon_2022,
      title={Regression in Tensor Product Spaces by the Method of Sieves}, 
      author={Tianyu Zhang and Noah Simon},
      year={2022},
      eprint={2206.02994},
      archivePrefix={arXiv},
      primaryClass={stat.ME}
}

@article{Lin_2000,
author = {Yi Lin},
title = {Tensor product space ANOVA models},
volume = {28},
journal = {The Annals of Statistics},
number = {3},
publisher = {Institute of Mathematical Statistics},
pages = {734 -- 755},
year = {2000},
doi = {10.1214/aos/1015951996},
URL = {https://doi.org/10.1214/aos/1015951996}
}

@article{Haar_1910,
author = {Alfred Haar},
title = {Zur Theorie der orthogonalen Funktionensysteme},
volume = {69},
journal = {Mathematische Annalen},
number = {3},
pages = {331 -- 371},
year = {1910},
doi = {10.1007/BF01456326},
URL = {https://doi.org/10.1007/BF01456326}
}

@book{Bühlmann_van_de_Geer_2011,
  title={Statistics for High-Dimensional Data: Methods, Theory and Applications},
  author={Peter Bühlmann and Sara van de Geer},
  isbn={978-3-642-20191-2},
  series={Springer Series in Statistics},
  doi={https://doi.org/10.1007/978-3-642-20192-9},
  year={2011},
  publisher={Springer Berlin, Heidelberg}
}

@article{Tibshirani_1996,
author = {Tibshirani, Robert},
title = {Regression Shrinkage and Selection Via the Lasso},
journal = {Journal of the Royal Statistical Society: Series B (Methodological)},
volume = {58},
number = {1},
pages = {267-288},
doi = {https://doi.org/10.1111/j.2517-6161.1996.tb02080.x},
url = {https://rss.onlinelibrary.wiley.com/doi/abs/10.1111/j.2517-6161.1996.tb02080.x},
year = {1996}
}

@article{Donoho_Elad_2003,
author = {David L. Donoho  and Michael Elad },
title = {Optimally sparse representation in general (nonorthogonal) dictionaries via $L_1$ minimization},
journal = {Proceedings of the National Academy of Sciences},
volume = {100},
number = {5},
pages = {2197-2202},
year = {2003},
doi = {10.1073/pnas.0437847100},
URL = {https://www.pnas.org/doi/abs/10.1073/pnas.0437847100},
eprint = {https://www.pnas.org/doi/pdf/10.1073/pnas.0437847100}
}

@article{Meinshausen_Bühlmann_2006,
author = {Nicolai Meinshausen and Peter B{\"u}hlmann},
title = {{High-dimensional graphs and variable selection with the Lasso}},
volume = {34},
journal = {The Annals of Statistics},
number = {3},
publisher = {Institute of Mathematical Statistics},
pages = {1436 -- 1462},
year = {2006},
doi = {10.1214/009053606000000281},
URL = {https://doi.org/10.1214/009053606000000281}
}

@book{Hastie_Tibshirani_Wainwright_2015,
  title={Statistical Learning with Sparsity: The Lasso and Generalizations},
  author={Trevor Hastie, Robert Tibshirani and Martin Wainwright},
  series={Monographs on Statistics and Applied Probability},
  isbn={978-1-498-71216-3},
  URL={https://searchworks.stanford.edu/view/11165952},
  year={2015},
  publisher={CRC Press, Taylor \& Francis Group}
}

@article{Belloni_Chernozhukov_Hansen_2013,
    author = {Alexandre Belloni and  Victor Chernozhukov and Christian Hansen},
    title = "{Inference on Treatment Effects after Selection among High-Dimensional Controls†}",
    journal = {The Review of Economic Studies},
    volume = {81},
    number = {2},
    pages = {608-650},
    year = {2013},
    month = {11},
    issn = {0034-6527},
    doi = {10.1093/restud/rdt044},
    url = {https://doi.org/10.1093/restud/rdt044}
}
